<record><leader>00000cas a22000007a 4500</leader><controlfield tag="001">12545051</controlfield><controlfield tag="008">850913d18981910wiuwr ne      0    0ger d</controlfield><datafield ind1=" " ind2=" " tag="010"><subfield code="a">sn 85041155 </subfield></datafield><datafield ind1=" " ind2=" " tag="040"><subfield code="a">NPV</subfield><subfield code="b">eng</subfield><subfield code="c">NPV</subfield><subfield code="d">OCLCQ</subfield></datafield><datafield ind1=" " ind2=" " tag="042"><subfield code="a">msc</subfield></datafield><datafield ind1=" " ind2=" " tag="045"><subfield code="a">w9x1</subfield></datafield><datafield ind1=" " ind2=" " tag="052"><subfield code="a">4123</subfield><subfield code="b">W6</subfield></datafield><datafield ind1="0" ind2=" " tag="130"><subfield code="a">Deutsche chronik (Weyauwega, Wis.)</subfield></datafield><datafield ind1="1" ind2="4" tag="245"><subfield code="a">Die Deutsche chronik.</subfield></datafield><datafield ind1=" " ind2=" " tag="260"><subfield code="a">Weyauwega, Wis. :</subfield><subfield code="b">F.H. Voshardt,</subfield><subfield code="c">1898-</subfield></datafield><datafield ind1=" " ind2=" " tag="300"><subfield code="a">v. :</subfield><subfield code="b">ill. (chiefly advertisements)</subfield></datafield><datafield ind1=" " ind2=" " tag="310"><subfield code="a">Weekly</subfield></datafield><datafield ind1="0" ind2=" " tag="362"><subfield code="a">Vol. 1, no. 1 (Jan. 28, 1898)-</subfield></datafield><datafield ind1="1" ind2=" " tag="362"><subfield code="a">Ceased in 1910.</subfield><subfield code="z">Cf. Oehlerts, d. E. Guide to Wis. newspapers.</subfield></datafield><datafield ind1=" " ind2=" " tag="500"><subfield code="a">Publisher varies.</subfield></datafield><datafield ind1=" " ind2=" " tag="500"><subfield code="a">Editors: H.D. Denninger &amp; F.H. Voshardt, Jan. 28-April 1, 1898; F.G. Voshardt, April 8, 1898-&lt;Dec. 29, 1905&gt;.</subfield></datafield><datafield ind1=" " ind2=" " tag="530"><subfield code="a">Available on microfilm from the State Historical Society of Wisconsin.</subfield></datafield><datafield ind1=" " ind2=" " tag="752"><subfield code="a">United States</subfield><subfield code="b">Wisconsin</subfield><subfield code="c">Waupaca</subfield><subfield code="d">Weyauwega.</subfield></datafield><datafield ind1="0" ind2="0" tag="785"><subfield code="t">Appleton volksfreund</subfield><subfield code="w">(DLC)sn 85041154</subfield></datafield><datafield ind1="1" ind2=" " tag="029"><subfield code="a">AU@</subfield><subfield code="b">000025810253</subfield></datafield></record>